@article{clbook,
  author = {Tsuchiyama, Ryoji and Nakamura, Takashi and Iizuka, Takuro and Asahara, Akihiro and Miki, Satoshi and Tagawa, Satoru},
  title={The OpenCL Programming Book},
  journal={Fixstars Corporation},
  volume={63},
  year={2010}
}

@inproceedings{lee2009gpu,
  title={GPU kernels as data-parallel array computations in Haskell},

  booktitle={Workshop on Exploiting Parallelism using GPUs and other Hardware-Assisted Methods},
  year={2009}
}

@inproceedings{clockspeed,
  title={Supercomputere - mange bække små...},
  author={Vinter, Brian},
  booktitle={Den digitale revolution – fortællinger fra datalogiens verden},
  year={2010},
  note="[Danish]"
}


@article{dybdal2011acc,
  title={An OpenCL back-end for Accelerate},
  author={Dybdal, Martin},
  year={2011}
}

@misc{hopencl,
  author = {Dybdal, Martin},
  title = {hopencl on GitHub},
  month = jun,
  year = {2013},
  howpublished = "\url{https://github.com/HIPERFIT/hopencl}",
  note = "[Online; accessed 02-June-2013]"
}

@misc{seti,
  title = {SETI@home},
  howpublished ="\url{http://setiathome.berkeley.edu}",
  note = "[Online; accessed 02-June-2013]"
}

@misc{top500,
  title = {TOP500},
  howpublished ="\url{http://www.top500.org}",
  note = "[Online; accessed 02-June-2013]"
}

@misc{intelcorei7,
  title = {Intel Core i7 Specification},
  howpublished = "\url{http://ark.intel.com/products/65525/Intel-Core-i7-3770T-Processor-8M-Cache-up-to-3\_70-GHz}",
  note = "[Online; accessed 02-June-2013]"
}

@misc{supercomputer-size,
  title = {Titan},
  howpublished ="\url{http://www.olcf.ornl.gov/titan/}",
  note = "[Online; accessed 02-June-2013]"
}

@misc{boinc-other,
  title = {BOINC},
  howpublished = "\url{http://boinc.berkeley.edu/}",
  note="[Online; accessed 02-June-2013]"
}

@inproceedings{mainland2010nikola,
  title={Nikola: embedding compiled GPU functions in Haskell},
  author={Mainland, Geoffrey and Morrisett, Greg},
  booktitle={ACM Sigplan Notices},
  volume={45},
  number={11},
  pages={67--78},
  year={2010},
  organization={ACM}
}

@article{klockner2009pycuda,
  title={PyCUDA: GPU run-time code generation for high-performance computing},
  author={Kl{\"o}ckner, Andreas and Pinto, Nicolas and Lee, Yunsup and Catanzaro, Bryan and Ivanov, Paul and Fasih, Ahmed and Sarma, AD and Nanongkai, D and Pandurangan, G and Tetali, P and others},
  journal={Arxiv preprint},
  year={2009},
}

@article{opencl,
  title={The OpenCL Specification, Version 1.2},
  author={Khronos OpenCL Working Group},
  year={2012},  
  howpublished="\url{http://www.khronos.org/registry/cl/specs/opencl-1.2.pdf}"
}


@article{kepler,
  title={Whitepaper: NVIDIA’s Next Generation CUDA™ Compute Architecture: Kepler™ GK110},
  author={NVIDIA},
  year={2012},  
  howpublished="\url{http://www.nvidia.com/content/PDF/kepler/NVIDIA-Kepler-GK110-Architecture-Whitepaper.pdf}"
}

@misc{khronos,
  title = {Khronos},
  howpublished = "\url{https://www.khronos.org}",
  note = "[Online; accessed 02-June-2013]"
}

@misc{mosml,
  title = {Moscow ML},
  howpublished = "\url{http://www.itu.dk/~sestoft/mosml.html}",
  note = "[Online; accessed 02-June-2013]"
}

@misc{mlton,
  title = {MLton},
  howpublished = "\url{http://www.mlton.org}",
  note = "[Online; accessed 02-June-2013]"
}

@article{danvy1998functional,
  title={Functional unparsing},
  author={Danvy, Olivier},
  journal={Journal of functional programming},
  volume={8},
  number={06},
  pages={621--625},
  year={1998},
  publisher={Cambridge Univ Press}
}

@article{buffersize,
  title={No-longer-foreign: Teaching an ML compiler to speak C “natively”},
  author={Blume, Matthias},
  journal={Electronic Notes in Theoretical Computer Science},
  volume={59},
  number={1},
  pages={36--52},
  year={2001},
  publisher={Elsevier}
}
